<?xml version="1.0" encoding="UTF-8"?><record xmlns="http://www.loc.gov/MARC21/slim" xmlns:cinclude="http://apache.org/cocoon/include/1.0" xmlns:zs="http://www.loc.gov/zing/srw/">
  <leader>00458nz  a2200145n  4500</leader>
  <controlfield tag="001">no 95007631 </controlfield>
  <controlfield tag="003">DLC</controlfield>
  <controlfield tag="005">19950218055514.2</controlfield>
  <controlfield tag="008">950217n| acannaab|          |a aaa     c</controlfield>
  <datafield tag="010" ind1=" " ind2=" ">
    <subfield code="a">no 95007631 </subfield>
  </datafield>
  <datafield tag="035" ind1=" " ind2=" ">
    <subfield code="a">(OCoLC)oca03775467 </subfield>
  </datafield>
  <datafield tag="040" ind1=" " ind2=" ">
    <subfield code="a">IU</subfield>
    <subfield code="c">IU</subfield>
  </datafield>
  <datafield tag="100" ind1="1" ind2="0">
    <subfield code="a">Salokhuddinov, Kh. A.</subfield>
  </datafield>
  <datafield tag="400" ind1="1" ind2="0">
    <subfield code="a">Salokhuddinov, Khamidulla Asadullaevich</subfield>
  </datafield>
  <datafield tag="670" ind1=" " ind2=" ">
    <subfield code="a">His FirĘşavnlar mamlakati, 1992:</subfield>
    <subfield code="b">t.p. (Kh.A. Salokhuddinov) colophon (Salokhuddinov Khamidulla Asadullaevich)</subfield>
  </datafield>
</record>